<record><leader>00000cas a22000007a 4500</leader><controlfield tag="001">19784869</controlfield><controlfield tag="008">890530d19121915aruwr ne      0    0eng d</controlfield><datafield ind1=" " ind2=" " tag="010"><subfield code="a">sn 89051222 </subfield></datafield><datafield ind1=" " ind2=" " tag="040"><subfield code="a">ANU</subfield><subfield code="b">eng</subfield><subfield code="c">ANU</subfield><subfield code="d">OBN</subfield><subfield code="d">OCLCQ</subfield><subfield code="d">OCLCF</subfield><subfield code="d">OCLCO</subfield></datafield><datafield ind1="1" ind2=" " tag="029"><subfield code="a">AU@</subfield><subfield code="b">000020553629</subfield></datafield><datafield ind1=" " ind2=" " tag="042"><subfield code="a">msc</subfield></datafield><datafield ind1=" " ind2=" " tag="043"><subfield code="a">n-us-ar</subfield></datafield><datafield ind1="0" ind2="4" tag="245"><subfield code="a">The Fort Smith herald and new elevator.</subfield></datafield><datafield ind1="3" ind2="0" tag="246"><subfield code="a">Fort Smith herald and elevator</subfield></datafield><datafield ind1=" " ind2=" " tag="260"><subfield code="a">Fort Smith, Ark. :</subfield><subfield code="b">J.B. Parker &amp; Sons</subfield></datafield><datafield ind1=" " ind2=" " tag="300"><subfield code="a">v.</subfield></datafield><datafield ind1=" " ind2=" " tag="310"><subfield code="a">Weekly</subfield></datafield><datafield ind1="0" ind2=" " tag="362"><subfield code="a">Vol. 1, no. 1 (Sept. 5, 1912)-v. 3, no. 47 (July 22, 1915).</subfield></datafield><datafield ind1=" " ind2=" " tag="500"><subfield code="a">Published as: Fort Smith herald and elevator, Mar. 13-July 17, 1913.</subfield></datafield><datafield ind1=" " ind2="0" tag="651"><subfield code="a">Fort Smith (Ark.)</subfield><subfield code="v">Newspapers.</subfield></datafield><datafield ind1=" " ind2="7" tag="655"><subfield code="a">Newspapers.</subfield><subfield code="2">fast</subfield><subfield code="0">(OCoLC)fst01423814</subfield></datafield><datafield ind1=" " ind2="7" tag="651"><subfield code="a">Arkansas</subfield><subfield code="z">Fort Smith.</subfield><subfield code="2">fast</subfield><subfield code="0">(OCoLC)fst01207379</subfield></datafield><datafield ind1=" " ind2=" " tag="752"><subfield code="a">United States</subfield><subfield code="b">Arkansas</subfield><subfield code="c">Sebastian</subfield><subfield code="d">Fort Smith.</subfield></datafield></record>